% Encoding: UTF-8

@Comment{jabref-meta: databaseType:bibtex;}

@Comment{jabref-meta: saveOrderConfig:specified;author;false;year;false;title;false;}

@book{Parr:2013:DAR:2501720,
	author = {Parr, Terence},
	title = {The Definitive {ANTLR} 4 Reference},
	year = {2013},
	isbn = {1934356999, 9781934356999},
	edition = {2nd},
	publisher = {Pragmatic Bookshelf},
}

@misc{Akka,
	title = {Akka},
	year = {2016},
	howpublished = {\url{http://akka.io/}}
}

@online{openCypher,
	author       = {{Neo Technology}},
	title        = {open{C}ypher Project},
	howpublished = {\url{http://www.opencypher.org/}},
	year         = {2016}
}

@online{Neo4j,
	author = {{Neo Technology}},
	title = {Neo4j},
	howpublished = {\url{http://neo4j.org/}},
	year = {2016}
}

@online{TinkerPop,
	author = {{Apache}},
	title = {TinkerPop3},
	howpublished = {\url{http://tinkerpop.apache.org/}},
	year = {2016}
}

@online{Cypher,
	author = {{Neo Technology}},
	title = {Cypher query language},
	year = {2016},
	howpublished = {\url{https://neo4j.com/docs/developer-manual/current/cypher/}}
}

@online{SPARQL,
	author = {{World Wide Web Consortium}},
	title = {{SPARQL} Query Language for {RDF}},
	howpublished = {\url{http://www.w3.org/TR/rdf-sparql-query/}}
}

@inproceedings{DBLP:conf/btw/RudolfPBL13,
	author    = {Michael Rudolf and
	Marcus Paradies and
	Christof Bornh{\"{o}}vd and
	Wolfgang Lehner},
	title     = {The Graph Story of the {SAP} {HANA} Database},
	xxbooktitle = {Datenbanksysteme f{\"{u}}r Business, Technologie und Web (BTW),
	15. Fachtagung des GI-Fachbereichs "Datenbanken und Informationssysteme"
	(DBIS), 11.-15.3.2013 in Magdeburg, Germany. Proceedings},
	booktitle = {BTW},
	pages     = {403--420},
	year      = {2013},
	xxcrossref  = {DBLP:conf/btw/2013},
	url       = {http://www.btw-2013.de/proceedings/The%20Graph%20Story%20of%20the%20SAP%20HANA%20Database.pdf},
	timestamp = {Tue, 15 Mar 2016 11:26:11 +0100},
	biburl    = {http://dblp.uni-trier.de/rec/bib/conf/btw/RudolfPBL13},
	bibsource = {dblp computer science bibliography, http://dblp.org}
}




@inproceedings{Kolovos:2013:RRT:2487766.2487768,
	author = {Kolovos, Dimitrios S. and Rose, Louis M. and Matragkas, Nicholas and Paige, Richard F. and Guerra, Esther and Cuadrado, Jes\'{u}s S\'{a}nchez and De Lara, Juan and R\'{a}th, Istv\'{a}n and Varr\'{o}, D\'{a}niel and Tisi, Massimo and Cabot, Jordi},
	title = {{A Research Roadmap Towards Achieving Scalability in Model Driven Engineering}},
	booktitle = {{Proceedings of the Workshop on Scalability in Model Driven Engineering}},
	series = {BigMDE '13},
	year = {2013},
	isbn = {978-1-4503-2165-5},
	location = {Budapest, Hungary},
	pages = {2:1--2:10},
	articleno = {2},
	numpages = {10},
	url = {http://doi.acm.org/10.1145/2487766.2487768},
	doi = {10.1145/2487766.2487768},
	acmid = {2487768},
	publisher = {ACM},
	address = {New York, NY, USA},
}


@BOOK{SemWeb,
	author={{Dean Allenmang and James Hendler}},
	title={{Semantic Web for the Working Ontologist}},
	publisher={{Morgan Kaufmann}},
	year=2011
}

@BOOK{ProgScala,
	author ={{Odersky, Martin and Spoon, Lex and Venners, Bill}},
	title = {{Programming in Scala: A Comprehensive Step-by-step Guide}},
	year = {{2008}},
	isbn = {{981531601, 9780981531601}},
	edition = {{1st}},
	publisher = {{Artima Incorporation}}
}

@inproceedings {ttcModel,
	title = {{The TTC 2015 Train Benchmark Case for Incremental Model Validation}},
	booktitle = {{Transformation Tool Contest}},
	year = {{2015}},
	month = {{07/2015}},
	author = {G{\'a}bor, Sz{\'a}rnyas and Oszk{\'a}r, Semer{\'a}th and Istv{\'a}n, R{\'a}th and D{\'a}niel, Varr{\'o}}
}

@INPROCEEDINGS{Lee87,
	author =       {{Wai L. Lee and Charles G. Sodini}},
	title =        {{A Topology for Higher Order Interpolative Coders}},
	booktitle =    {{Proc.\ of the IEEE International Symposium on Circuits and Systems}},
	year =         1987,
	vol =          2,
	month =        may # {{~4--7}},
	address =      {{Philadelphia, PA, USA}},
	pages =        {{459--462}}
}

@book{jvmConcurrency,
	title = {Programming Concurrency on the {JVM}: Mastering Synchronization, {STM}, and Actors},
	author = {Subramaniam, Venkat},
	publisher = {Pragmatic Bookshelf},
	address = {Dallas},
	url = {http://opac.inria.fr/record=b1133364},
	isbn = {978-1-934356-76-0},
	year = 2011
}

@mastersthesis{szarnyas-gabor-msc,
	author = {Sz{\'a}rnyas, G{\'a}bor},
	title = {Superscalable modeling},
	school = {Budapest University of Technology and Economics},
	year = {2013},
	type = {Master{\textquoteright}s thesis},
	pages = {88}
}

@inproceedings{DBLP:conf/models/SzarnyasIRHBV14,
	author    = {G{\'{a}}bor Sz{\'{a}}rnyas and others},
	xxauthor    = {G{\'{a}}bor Sz{\'{a}}rnyas and
	Benedek Izs{\'{o}} and
	Istv{\'{a}}n R{\'{a}}th and
	D{\'{e}}nes Harmath and
	G{\'{a}}bor Bergmann and
	D{\'{a}}niel Varr{\'{o}}},
	title     = {Inc{Q}uery-{D}: {A} Distributed Incremental Model Query Framework in the
	Cloud},
	xxbooktitle = {Model-Driven Engineering Languages and Systems - 17th International
	Conference, {MODELS} 2014, Valencia, Spain, September 28 - October 3, 2014. Proceedings},
	booktitle = {{MODELS}},
	pages     = {653--669},
	year      = {2014},
	xxcrossref  = {DBLP:conf/models/2014},
	doi       = {10.1007/978-3-319-11653-2_40},
	timestamp = {Mon, 22 Sep 2014 14:18:11 +0200},
	biburl    = {http://dblp.uni-trier.de/rec/bib/conf/models/SzarnyasIRHBV14},
	bibsource = {dblp computer science bibliography, http://dblp.org}
}

@misc{Jena,
	title = {{Apache Jena}},
	author = {{{Apache Software Foundation}}},
	howpublished = {\url{https://jena.apache.org/}}
}

@misc{yaml,
	title = {{YAML} {A}in’t {M}arkup {L}anguage ({YAML}) Version 1.2},
	edition = {3rd},
	howpublished = {\url{http://yaml.org/spec/1.2/spec.html}}
}

@techreport{TrainBenchmarkTechReport,
	author = {Benedek Izs\'{o} and G\'{a}bor Sz\'{a}rnyas and Istv\'{a}n R\'{a}th},
	title = {{Train Benchmark}},
	institution = {Budapest University of Technology and Economics},
	year = {2014}
}

@article{diamond,
	title={Diamond: A {SPARQL} query engine, for linked data based on the {Rete} match},
	author={{Miranker, Daniel P. et al.}},
	journal={AImWD},
	OPTpages={7},
	year={2012}
}

@incollection{INSTANS2012,
	year={2012},
	isbn={978-3-642-35172-3},
	booktitle={ISWC'12},
	volume={7650},
	series={LNCS},
	pages = {453--456},
	OPTeditor={Cudré-Mauroux, Philippe and Heflin, Jeff and Sirin, Evren and Tudorache, Tania and Euzenat, Jérôme and Hauswirth, Manfred and Parreira, JosianeXavier and Hendler, Jim and Schreiber, Guus and Bernstein, Abraham and Blomqvist, Eva},
	doi={10.1007/978-3-642-35173-0_38},
	title={{SPARQL} Update for Complex Event Processing},
	OPTpublisher={Springer Berlin Heidelberg},
	keywords={Complex event processing; SPARQL; RDF; Rete-algorithm},
	author={Rinne, Mikko},
	OPTpages={453-456}
}

@inproceedings{cloud-mde-2015,
	title = {Optimization of Incremental Queries in the Cloud},
	booktitle = {CloudMDE},
	year = {2015},
	author = {J{\'o}zsef Makai and G{\'a}bor Sz{\'a}rnyas and {\'A}kos Horv{\'a}th and Istv{\'a}n R{\'a}th and D{\'a}niel Varr{\'o}}
}

@inproceedings{Malewicz:2010:PSL:1807167.1807184,
	author = {Malewicz, Grzegorz and Austern, Matthew H. and Bik, Aart J.C and Dehnert, James C. and Horn, Ilan and Leiser, Naty and Czajkowski, Grzegorz},
	title = {{Pregel: A System for Large-scale Graph Processing}},
	booktitle = {Proceedings of the 2010 ACM SIGMOD International Conference on Management of Data},
	series = {SIGMOD '10},
	year = {2010},
	isbn = {978-1-4503-0032-2},
	location = {Indianapolis, Indiana, USA},
	pages = {135--146},
	numpages = {12},
	url = {http://doi.acm.org/10.1145/1807167.1807184},
	doi = {10.1145/1807167.1807184},
	acmid = {1807184},
	publisher = {ACM},
	address = {New York, NY, USA},
	keywords = {distributed computing, graph algorigthms},
}

@inproceedings{gonzalez2014graphx,
	title={{GraphX: Graph Processing in a Distributed Dataflow Framework}},
	author={Gonzalez, Joseph E and Xin, Reynold S and Dave, Ankur and Crankshaw, Daniel and Franklin, Michael J and Stoica, Ion},
	booktitle={Proceedings of OSDI},
	pages={599--613},
	year={2014}
}

@inproceedings{zaharia2010spark,
	title={{Spark: Cluster Computing with Working Sets}},
	author={Zaharia, Matei and Chowdhury, Mosharaf and Franklin, Michael J and Shenker, Scott and Stoica, Ion},
	booktitle={Proceedings of the 2nd USENIX conference on Hot topics in cloud computing},
	volume={10},
	pages={10},
	year={2010}
}

@inproceedings{vavilapalli2013apache,
	title={{Apache Hadoop YARN: Yet Another Resource Negotiator}},
	author={Vavilapalli, Vinod Kumar and Murthy, Arun C and Douglas, Chris and Agarwal, Sharad and Konar, Mahadev and Evans, Robert and Graves, Thomas and Lowe, Jason and Shah, Hitesh and Seth, Siddharth and others},
	booktitle={Proceedings of the 4th annual Symposium on Cloud Computing},
	pages={5},
	year={2013},
	organization={ACM}
}

@inproceedings{Shvachko:2010:HDF:1913798.1914427,
	author = {Shvachko, Konstantin and Kuang, Hairong and Radia, Sanjay and Chansler, Robert},
	title = {The Hadoop Distributed File System},
	booktitle = {Proceedings of the 2010 IEEE 26th Symposium on Mass Storage Systems and Technologies (MSST)},
	series = {MSST '10},
	year = {2010},
	isbn = {978-1-4244-7152-2},
	pages = {1--10},
	numpages = {10},
	doi = {10.1109/MSST.2010.5496972},
	acmid = {1914427},
	publisher = {IEEE Computer Society},
	address = {Washington, DC, USA},
}

@inproceedings{shvartzshnaider2010publish,
	title={{Publish/Subscribe on Top of DHT Using RETE Algorithm}},
	author={Shvartzshnaider, Yan and Ott, Maximilian and Levy, David},
	booktitle={FIS},
	pages={20--29},
	year={2010},
	organization={Springer}
}

@misc{giraph,
	author = {{Apache}},
	title = {{Giraph(October 12, 2015)}},
	howpublished = {\url{http://giraph.apache.org/}}
}


@misc{mondo,
	author = {{MONDO Project}},
	title = {{MONDO Project}},
	howpublished = {\url{http://www.mondo-project.org/}}
}

@misc{yourkit,
	author = {{Yourkit}},
	title = {{Java Profiler - .NET Profiler - The profilers for Java and .NET professionals}},
	howpublished = {\url{https://www.yourkit.com/}}
}

@article{dean2008mapreduce,
	title={MapReduce: Simplified Data Processing on Large Clusters},
	author={Dean, Jeffrey and Ghemawat, Sanjay},
	journal={Communications of the ACM},
	volume={51},
	number={1},
	pages={107--113},
	year={2008},
	publisher={ACM}
}

@incollection{graph-trans-bulk,
	year={2014},
	isbn={978-3-642-54803-1},
	booktitle={Fundamental Approaches to Software Engineering},
	volume={8411},
	series={Lecture Notes in Computer Science},
	xxeditor={Gnesi, Stefania and Rensink, Arend},
	doi={10.1007/978-3-642-54804-8_23},
	title={{Implementing Graph Transformations in the Bulk Synchronous Parallel Model}},
	publisher={Springer Berlin Heidelberg},
	author={Krause, Christian and Tichy, Matthias and Giese, Holger},
	pages={325-339},
	language={English}
}

@INPROCEEDINGS{Gupta93maintainingviews,
	author = {Ashish Gupta and Inderpal Singh Mumick and V. S. Subrahmanian},
	title = {Maintaining Views Incrementally (Extended Abstract)},
	booktitle = {In: Proc. of the International Conf. on Management of Data, ACM},
	year = {1993},
	pages = {157--166}
}

@article{sortedmerge,
	author = {Balkesen, Cagri and Alonso, Gustavo and Teubner, Jens and \"{O}zsu, M. Tamer},
	title = {{Multi-Core, Main-Memory Joins: Sort vs. Hash Revisited}},
	journal = {Proc. VLDB Endow.},
	issue_date = {September 2013},
	volume = {7},
	number = {1},
	month = sep,
	year = {2013},
	issn = {2150-8097},
	pages = {85--96},
	numpages = {12},
	doi = {10.14778/2732219.2732227},
	acmid = {2732227},
	publisher = {VLDB Endowment},
}

@inproceedings{kafka,
	title={Kafka: A distributed messaging system for log processing},
	author={Kreps, Jay and Narkhede, Neha and Rao, Jun and others},
	booktitle={Proceedings of the NetDB},
	year={2011}
}

@online{drools,
	author = {{Red Hat}},
	title = {Drools},
	howpublished = {\url{http://www.drools.org/}}
}

@inproceedings{DBLP:conf/models/BergmannHRVBBO10,
	xxauthor    = {G{\'{a}}bor Bergmann and
	{\'{A}}kos Horv{\'{a}}th and
	Istv{\'{a}}n R{\'{a}}th and
	D{\'{a}}niel Varr{\'{o}} and
	Andr{\'{a}}s Balogh and
	Zoltan Balogh and
	Andr{\'{a}}s {\"{O}}kr{\"{o}}s},
	author    = {G{\'{a}}bor Bergmann and others},
	title     = {Incremental Evaluation of Model Queries over {EMF} Models},
	xxbooktitle = {Model Driven Engineering Languages and Systems - 13th International Conference},
	booktitle = {{MODELS}},
	pages     = {76--90},
	year      = {2010},
	xxcrossref  = {DBLP:conf/models/2010-1},
	doi       = {10.1007/978-3-642-16145-2_6},
	timestamp = {Sat, 25 Sep 2010 11:36:24 +0200},
	biburl    = {http://dblp.uni-trier.de/rec/bib/conf/models/BergmannHRVBBO10},
	bibsource = {dblp computer science bibliography, http://dblp.org}
}

@article{stonebraker2010sql,
	title={{SQL} databases v. {N}o{SQL} databases},
	author={Stonebraker, Michael},
	journal={Communications of the ACM},
	volume={53},
	number={4},
	pages={10--11},
	year={2010},
	publisher={ACM}
}

@book{DBLP:books/daglib/0020812,
	author    = {Hector Garcia{-}Molina and
	Jeffrey D. Ullman and
	Jennifer Widom},
	title     = {Database systems -- {T}he complete book},
	publisher = {Pearson Education},
	year      = {2009},
	edition   = {2nd},
	isbn      = {978-0-13-187325-4},
	timestamp = {Tue, 08 Feb 2011 13:04:57 +0100},
	biburl    = {http://dblp.uni-trier.de/rec/bib/books/daglib/0020812},
	bibsource = {dblp computer science bibliography, http://dblp.org}
}

@article{DBLP:journals/pvldb/ZhaoH10,
	author    = {Peixiang Zhao and
	Jiawei Han},
	title     = {On Graph Query Optimization in Large Networks},
	journal   = {{PVLDB}},
	volume    = {3},
	number    = {1},
	pages     = {340--351},
	year      = {2010},
	url       = {http://www.comp.nus.edu.sg/~vldb2010/proceedings/files/papers/R30.pdf},
	timestamp = {Thu, 23 Sep 2010 15:39:20 +0200},
	biburl    = {http://dblp.uni-trier.de/rec/bib/journals/pvldb/ZhaoH10},
	bibsource = {dblp computer science bibliography, http://dblp.org}
}

@inproceedings{ModelMetricsModels2016,
	author    = {G{\'{a}}bor Sz{\'{a}}rnyas and
	Zsolt K{\H{o}}v\'{a}ri and
	{\'{A}}gnes Sal\'{a}nki and
	D{\'{a}}niel Varr{\'{o}}},
	title     = {Towards the Characterization of Realistic Models: Evaluation of Multidisciplinary Graph Metrics},
	booktitle = {Model-Driven Engineering Languages and Systems - 19th International Conference, {MODELS} 2016},
	year      = {2016},
	notes = {Submitted.}
}

@inproceedings{DBLP:conf/gg/KrauseJDSKN16,
	xxauthor    = {Christian Krause and
	Daniel Johannsen and
	Radwan Deeb and
	Kai{-}Uwe Sattler and
	David Knacker and
	Anton Niadzelka},
	author    = {Christian Krause and others},
	title     = {An {SQL}-Based Query Language and Engine for Graph Pattern Matching},
	xxbooktitle = {Graph Transformation - 9th International Conference, {ICGT} 2016,
	in Memory of Hartmut Ehrig, Held as Part of {STAF} 2016, Vienna, Austria,
	July 5-6, 2016, Proceedings},
	booktitle = {ICGT},
	pages     = {153--169},
	year      = {2016},
	xxcrossref  = {DBLP:conf/gg/2016},
	doi       = {10.1007/978-3-319-40530-8_10},
	timestamp = {Wed, 22 Jun 2016 10:57:35 +0200},
	biburl    = {http://dblp.uni-trier.de/rec/bib/conf/gg/KrauseJDSKN16},
	bibsource = {dblp computer science bibliography, http://dblp.org}
}

@phdthesis{BergmannPhD,
	author = {G{\'a}bor Bergmann},
	title = {Incremental Model Queries in Model-Driven Design},
	volume = {PhD},
	year = {2013},
	school = {Budapest University of Technology and Economics},
	type = {{Ph.D. dissertation}},
	address = {Budapest},
	url = {http://home.mit.bme.hu/~bergmann/download/phd-thesis-bergmann.pdf}
}

@article{DBLP:journals/ai/Forgy82,
	author    = {Charles Forgy},
	title     = {Rete: {A} Fast Algorithm for the Many Patterns/Many Objects Match
	Problem},
	journal   = {Artif. Intell.},
	volume    = {19},
	number    = {1},
	pages     = {17--37},
	year      = {1982},
	doi       = {10.1016/0004-3702(82)90020-0},
	timestamp = {Thu, 30 Jun 2011 16:00:11 +0200},
	biburl    = {http://dblp.uni-trier.de/rec/bib/journals/ai/Forgy82},
	bibsource = {dblp computer science bibliography, http://dblp.org}
}

@techreport{Batory:1994:LA:899216,
	author = {Batory, Don},
	title = {{The LEAPS Algorithm}},
	year = {1994},
	source = {http://www.ncstrl.org:8900/ncstrl/servlet/search?formname=detail\&id=oai%3Ancstrlh%3Autexas_cs%3AUTEXAS_CS%2F%2FCS-TR-94-28},
	publisher = {University of Texas at Austin},
	address = {Austin, TX, USA},
}


@article{Miranker:1991:OPT:627280.627434,
	author = {Miranker, D. P. and Lofaso, B. J.},
	title = {The Organization and Performance of a {TREAT}-Based Production System Compiler},
	journal = {IEEE Trans. on Knowl. and Data Eng.},
	issue_date = {March 1991},
	volume = {3},
	number = {1},
	month = mar,
	year = {1991},
	issn = {1041-4347},
	pages = {3--10},
	numpages = {8},
	doi = {10.1109/69.75882},
	acmid = {627434},
	publisher = {IEEE Educational Activities Department},
	address = {Piscataway, NJ, USA},
	keywords = {LISP, OPS5 production system programs, TREAT-based production system compiler, expert systems, list processing, organization, performance, program compilers, relational algebra},
}

@book{ullman,
	title =     {Database System Implementation},
	author =    {Hector Garcia-Molina, Jeffrey D. Ullman, Jennifer D. Widom},
	publisher = {PH},
	isbn =      {0130402648,9780130402646},
	year =      {1999}
}

@phdthesis{doorenbos1995production,
	title={Production matching for large learning systems},
	author={Doorenbos, Robert B},
	year={1995},
	school={University of Southern California}
}

@inproceedings{minisymposium/IQDS,
	title = {Sharded Joins for Scalable Incremental Graph Queries},
	booktitle = {Proceedings of the 23rd PhD Mini-Symposium},
	year = {2016},
	month = {February},
	isbn = {978-963-313-220-3},
	address = {Budapest University of Technology and Economics, Department of Measurement and Information Systems},
	author = {J{\'a}nos Maginecz and G{\'a}bor Sz{\'a}rnyas}
}

@inproceedings{DBLP:conf/icmt/VarroD13,
	author    = {Gergely Varr{\'{o}} and
	Frederik Deckwerth},
	title     = {A Rete Network Construction Algorithm for Incremental Pattern Matching},
	booktitle = {Theory and Practice of Model Transformations - 6th International Conference,
	{ICMT} 2013, Budapest, Hungary, June 18-19, 2013. Proceedings},
	pages     = {125--140},
	year      = {2013},
	xxcrossref  = {DBLP:conf/icmt/2013},
	doi       = {10.1007/978-3-642-38883-5_13},
	timestamp = {Sat, 15 Jun 2013 18:45:52 +0200},
	biburl    = {http://dblp.uni-trier.de/rec/bib/conf/icmt/VarroD13},
	bibsource = {dblp computer science bibliography, http://dblp.org}
}

@book{DBLP:books/daglib/0015084,
	author    = {Abraham Silberschatz and
	Henry F. Korth and
	S. Sudarshan},
	title     = {Database System Concepts, 5th Edition},
	publisher = {McGraw-Hill Book Company},
	year      = {2005},
	isbn      = {978-0-07-295886-7},
	timestamp = {Fri, 08 Mar 2013 08:05:13 +0100},
	biburl    = {http://dblp.uni-trier.de/rec/bib/books/daglib/0015084},
	bibsource = {dblp computer science bibliography, http://dblp.org}
}

@book{DBLP:books/cs/Maier83,
	author    = {David Maier},
	title     = {The Theory of Relational Databases},
	publisher = {Computer Science Press},
	year      = {1983},
	url       = {http://web.cecs.pdx.edu/~maier/TheoryBook/TRD.html},
	isbn      = {0-914894-42-0},
	timestamp = {Thu, 14 Jan 2016 09:48:54 +0100},
	biburl    = {http://dblp.uni-trier.de/rec/bib/books/cs/Maier83},
	bibsource = {dblp computer science bibliography, http://dblp.org}
}

@book{DBLP:books/daglib/0006733,
	author    = {Ramez Elmasri and
	Shamkant B. Navathe},
	title     = {Fundamentals of Database Systems, 3rd Edition},
	publisher = {Addison-Wesley-Longman},
	year      = {2000},
	isbn      = {978-0-8053-1755-8},
	timestamp = {Mon, 18 Apr 2011 17:48:55 +0200},
	biburl    = {http://dblp.uni-trier.de/rec/bib/books/daglib/0006733},
	bibsource = {dblp computer science bibliography, http://dblp.org}
}

@article{DBLP:journals/entcs/VarroFV06,
	author    = {Gergely Varr{\'{o}} and
	Katalin Friedl and
	D{\'{a}}niel Varr{\'{o}}},
	title     = {Adaptive Graph Pattern Matching for Model Transformations using Model-sensitive
	Search Plans},
	journal   = {Electr. Notes Theor. Comput. Sci.},
	volume    = {152},
	pages     = {191--205},
	year      = {2006},
	doi       = {10.1016/j.entcs.2005.10.025},
	timestamp = {Mon, 24 Jul 2006 09:18:50 +0200},
	biburl    = {http://dblp.uni-trier.de/rec/bib/journals/entcs/VarroFV06},
	bibsource = {dblp computer science bibliography, http://dblp.org}
}

@inproceedings{DBLP:conf/sigmod/ErlingALCGPPB15,
	author    = {Orri Erling and
	Alex Averbuch and
	Josep{-}Lluis Larriba{-}Pey and
	Hassan Chafi and
	Andrey Gubichev and
	Arnau Prat{-}P{\'{e}}rez and
	Minh{-}Duc Pham and
	Peter A. Boncz},
	title     = {The {LDBC} Social Network Benchmark: Interactive Workload},
	booktitle = {Proceedings of the 2015 {ACM} {SIGMOD} International Conference on
	Management of Data, Melbourne, Victoria, Australia, May 31 - June
	4, 2015},
	pages     = {619--630},
	year      = {2015},
	xxcrossref  = {DBLP:conf/sigmod/2015},
	url       = {http://doi.acm.org/10.1145/2723372.2742786},
	doi       = {10.1145/2723372.2742786},
	timestamp = {Thu, 12 Nov 2015 16:33:38 +0100},
	biburl    = {http://dblp.uni-trier.de/rec/bib/conf/sigmod/ErlingALCGPPB15},
	bibsource = {dblp computer science bibliography, http://dblp.org}
}

@article{DBLP:journals/corr/abs-1006-2361,
	author    = {Marko A. Rodriguez and
	Peter Neubauer},
	title     = {Constructions from Dots and Lines},
	journal   = {CoRR},
	volume    = {abs/1006.2361},
	year      = {2010},
	url       = {http://arxiv.org/abs/1006.2361},
	timestamp = {Mon, 05 Dec 2011 18:05:28 +0100},
	biburl    = {http://dblp.uni-trier.de/rec/bib/journals/corr/abs-1006-2361},
	bibsource = {dblp computer science bibliography, http://dblp.org}
}

@misc{RDF,
	author = {{World Wide Web Consortium}},
	title = {{R}esource {D}escription {F}ramework ({RDF})},
	howpublished = {\url{http://www.w3.org/standards/techs/rdf/}}
}

@inproceedings{Rodriguez:2015:GGT:2815072.2815073,
	author = {Rodriguez, Marko A.},
	title = {The {G}remlin Graph Traversal Machine and Language (Invited Talk)},
	xxbooktitle = {Proceedings of the 15th Symposium on Database Programming Languages},
	series = {DBPL 2015},
	year = {2015},
	isbn = {978-1-4503-3902-5},
	location = {Pittsburgh, PA, USA},
	pages = {1--10},
	numpages = {10},
	url = {http://doi.acm.org/10.1145/2815072.2815073},
	doi = {10.1145/2815072.2815073},
	acmid = {2815073},
	publisher = {ACM},
	address = {New York, NY, USA},
	keywords = {finite automata, functional languages, graph traversal, virtual machines},
}

@inproceedings{DBLP:conf/edbt/HolschG16,
	author    = {J{\"{u}}rgen H{\"{o}}lsch and
	Michael Grossniklaus},
	title     = {An Algebra and Equivalences to Transform Graph Patterns in Neo4j},
	xxbooktitle = {Proceedings of the Workshops of the {EDBT/ICDT} 2016 Joint Conference, {EDBT/ICDT} Workshops 2016, Bordeaux, France, March 15, 2016.},
	booktitle = {{EDBT/ICDT}, {GraphX} workshop},
	year      = {2016},
	xxcrossref  = {DBLP:conf/edbt/2016w},
	url       = {http://ceur-ws.org/Vol-1558/paper24.pdf},
	timestamp = {Mon, 30 May 2016 16:28:37 +0200},
	biburl    = {http://dblp.uni-trier.de/rec/bib/conf/edbt/HolschG16},
	bibsource = {dblp computer science bibliography, http://dblp.org}
}


@inproceedings{DBLP:conf/popl/Ford04,
	author    = {Bryan Ford},
	title     = {Parsing expression grammars: a recognition-based syntactic foundation},
	xxbooktitle = {Proceedings of the 31st {ACM} {SIGPLAN-SIGACT} Symposium on Principles
	of Programming Languages, {POPL} 2004, Venice, Italy, January 14-16,
	2004},
	booktitle = {{SIGPLAN-SIGACT}, {POPL}},
	pages     = {111--122},
	year      = {2004},
	xxcrossref  = {DBLP:conf/popl/2004},
	url       = {http://doi.acm.org/10.1145/964001.964011},
	doi       = {10.1145/964001.964011},
	timestamp = {Tue, 22 May 2012 15:24:56 +0200},
	biburl    = {http://dblp.uni-trier.de/rec/bib/conf/popl/Ford04},
	bibsource = {dblp computer science bibliography, http://dblp.org}
}

@incollection{DBLP:books/igi/Sakr11/RodriguezN11,
	author    = {Marko A. Rodriguez and
	Peter Neubauer},
	title     = {The Graph Traversal Pattern},
	booktitle = {Graph Data Management: Techniques and Applications.},
	pages     = {29--46},
	year      = {2011},
	xxcrossref  = {DBLP:books/igi/Sakr2011},
	url       = {http://dx.doi.org/10.4018/978-1-61350-053-8.ch002},
	doi       = {10.4018/978-1-61350-053-8.ch002},
	timestamp = {Wed, 02 Apr 2014 13:15:49 +0200},
	biburl    = {http://dblp.uni-trier.de/rec/bib/books/igi/Sakr11/RodriguezN11},
	bibsource = {dblp computer science bibliography, http://dblp.org}
}
@book{DBLP:books/igi/Sakr2011,
	xxeditor    = {Sherif Sakr and
	Eric Pardede},
	title     = {Graph Data Management: Techniques and Applications},
	booktitle = {Graph Data Management},
	publisher = {{IGI} Global},
	year      = {2011},
	url       = {http://dx.doi.org/10.4018/978-1-61350-053-8},
	doi       = {10.4018/978-1-61350-053-8},
	isbn      = {9781613500538},
	timestamp = {Wed, 02 Apr 2014 13:15:49 +0200},
	biburl    = {http://dblp.uni-trier.de/rec/bib/books/igi/Sakr2011},
	bibsource = {dblp computer science bibliography, http://dblp.org}
}

@inproceedings{DBLP:conf/oopsla/EysholdtB10,
	author    = {Moritz Eysholdt and
	Heiko Behrens},
	title     = {Xtext: implement your language faster than the quick and dirty way},
	xxbooktitle = {Companion to the 25th Annual {ACM} {SIGPLAN} Conference on Object-Oriented
	Programming, Systems, Languages, and Applications, {SPLASH/OOPSLA}
	2010, October 17-21, 2010, Reno/Tahoe, Nevada, {USA}},
	booktitle = {{SIGPLAN}, {SPLASH/OOPSLA}},
	pages     = {307--309},
	year      = {2010},
	xxcrossref  = {DBLP:conf/oopsla/2010c},
	url       = {http://doi.acm.org/10.1145/1869542.1869625},
	doi       = {10.1145/1869542.1869625},
	timestamp = {Wed, 27 Oct 2010 14:05:25 +0200},
	biburl    = {http://dblp.uni-trier.de/rec/bib/conf/oopsla/EysholdtB10},
	bibsource = {dblp computer science bibliography, http://dblp.org}
}

@standard{ISO14977,
	abstract = {Defines a notation, Extended BNF, for specifying the syntax of a linear sequence of symbols. It defines both the logical structure of the notation and its graphical representation.},
	added-at = {2011-01-31T17:20:03.000+0100},
	biburl = {http://www.bibsonomy.org/bibtex/2b7af2a721ce66ef9b4a7ded5e9823b43/voj},
	editor = {{International Organization for Standardization}},
	interhash = {30164f61afb5d404f2eb3a7f86297e6d},
	intrahash = {b7af2a721ce66ef9b4a7ded5e9823b43},
	keywords = {BNF EBNF},
	timestamp = {2013-01-06T10:11:11.000+0100},
	title = {ISO/IEC 14977:1996 Information Technology - Syntactic Metalanguage - Extended BNF},
	year = 1996
}

@incollection{CollectivelyGeneratedModel,
	author={Marko A. Rodriguez},
	title={A collectively generated model of the world},
	booktitle={Collective intelligence: creating a prosperous world at peace},
	xxeditor={Masum, Hassan and Benkler, Yochai},
	year={2008},
	publisher={Oakton: Earth Intelligence Network}
}

@inproceedings{DBLP:conf/sigmod/LiCIS05,
	author    = {Chengkai Li and
	Kevin Chen{-}Chuan Chang and
	Ihab F. Ilyas and
	Sumin Song},
	title     = {Rank{SQL}: Query Algebra and Optimization for Relational Top-k Queries},
	xxbooktitle = {Proceedings of the {ACM} {SIGMOD} International Conference on Management
	of Data, Baltimore, Maryland, USA, June 14-16, 2005},
	booktitle = {{SIGMOD}},
	pages     = {131--142},
	year      = {2005},
	xxcrossref  = {DBLP:conf/sigmod/2005},
	url       = {http://doi.acm.org/10.1145/1066157.1066173},
	doi       = {10.1145/1066157.1066173},
	timestamp = {Mon, 17 Jul 2006 07:54:18 +0200},
	biburl    = {http://dblp.uni-trier.de/rec/bib/conf/sigmod/LiCIS05},
	bibsource = {dblp computer science bibliography, http://dblp.org}
}

@article{DBLP:journals/tods/PerezAG09,
	author    = {Jorge P{\'{e}}rez and
	Marcelo Arenas and
	Claudio Gutierrez},
	title     = {Semantics and complexity of {SPARQL}},
	journal   = {{ACM} Trans. Database Syst.},
	volume    = {34},
	number    = {3},
	year      = {2009},
	url       = {http://doi.acm.org/10.1145/1567274.1567278},
	doi       = {10.1145/1567274.1567278},
	timestamp = {Tue, 05 Mar 2013 07:41:58 +0100},
	biburl    = {http://dblp.uni-trier.de/rec/bib/journals/tods/PerezAG09},
	bibsource = {dblp computer science bibliography, http://dblp.org}
}

@inproceedings{DBLP:conf/models/ArendtBJKT10,
	author    = {Thorsten Arendt and
	Enrico Biermann and
	Stefan Jurack and
	Christian Krause and
	Gabriele Taentzer},
	xxtitle     = {Henshin: Advanced Concepts and Tools for In-Place {EMF} Model Transformations},
	xxbooktitle = {Model Driven Engineering Languages and Systems - 13th International
	Conference, {MODELS} 2010, Oslo, Norway, October 3-8, 2010, Proceedings,
	Part {I}},
	pages     = {121--135},
	year      = {2010},
	xxcrossref  = {DBLP:conf/models/2010-1},
	url       = {http://dx.doi.org/10.1007/978-3-642-16145-2_9},
	doi       = {10.1007/978-3-642-16145-2_9},
	timestamp = {Sat, 25 Sep 2010 11:36:24 +0200},
	biburl    = {http://dblp.uni-trier.de/rec/bib/conf/models/ArendtBJKT10},
	bibsource = {dblp computer science bibliography, http://dblp.org}
}

@inproceedings{DBLP:conf/icmt/KolovosPP08,
	author    = {Dimitrios S. Kolovos and
	Richard F. Paige and
	Fiona Polack},
	title     = {The {E}psilon Transformation Language},
	xxbooktitle = {Theory and Practice of Model Transformations, First International
	Conference, {ICMT} 2008, Z{\"{u}}rich, Switzerland, July 1-2,
	2008, Proceedings},
	pages     = {46--60},
	year      = {2008},
	xxcrossref  = {DBLP:conf/icmt/2008},
	url       = {http://dx.doi.org/10.1007/978-3-540-69927-9_4},
	doi       = {10.1007/978-3-540-69927-9_4},
	timestamp = {Thu, 14 Aug 2008 14:41:26 +0200},
	biburl    = {http://dblp.uni-trier.de/rec/bib/conf/icmt/KolovosPP08},
	bibsource = {dblp computer science bibliography, http://dblp.org}
}

@article{PerPol2017Incremental,
	title = {Evaluation of Optimization Strategies for Incremental Graph Queries},
	journal = {Periodica Polytechnica, Electrical Engineering and Computer Science},
	year = {2017},
	note = {Accepted.},
	month = {01/2017},
	author = {G{\'a}bor Sz{\'a}rnyas and J{\'a}nos Maginecz and D{\'a}niel Varr{\'o}}
}
